<record><leader>00000cas a2200000 a 4500</leader><controlfield tag="001">43068895</controlfield><controlfield tag="008">991221d195919uufluwr ne      0    0eng c</controlfield><datafield ind1=" " ind2=" " tag="010"><subfield code="a">sn 99027008 </subfield></datafield><datafield ind1=" " ind2=" " tag="040"><subfield code="a">FUG</subfield><subfield code="b">eng</subfield><subfield code="c">FUG</subfield><subfield code="d">OCLCQ</subfield><subfield code="d">OCLCF</subfield><subfield code="d">OCLCO</subfield></datafield><datafield ind1=" " ind2=" " tag="042"><subfield code="a">pcc</subfield></datafield><datafield ind1=" " ind2=" " tag="043"><subfield code="a">n-us-fl</subfield></datafield><datafield ind1="0" ind2=" " tag="130"><subfield code="a">Tri-county journal (Jay, Fla.)</subfield></datafield><datafield ind1="1" ind2="4" tag="245"><subfield code="a">The tri-county journal.</subfield></datafield><datafield ind1="3" ind2=" " tag="246"><subfield code="a">Tricounty journal</subfield></datafield><datafield ind1=" " ind2=" " tag="260"><subfield code="a">Jay, Fla. :</subfield><subfield code="b">Earl Britt,</subfield><subfield code="c">1959-</subfield></datafield><datafield ind1=" " ind2=" " tag="300"><subfield code="a">v. :</subfield><subfield code="b">ill. ;</subfield><subfield code="c">61 cm.</subfield></datafield><datafield ind1=" " ind2=" " tag="310"><subfield code="a">Weekly</subfield></datafield><datafield ind1="0" ind2=" " tag="362"><subfield code="a">Vol. 22, no. 32 (June 5, 1959)-</subfield></datafield><datafield ind1=" " ind2=" " tag="580"><subfield code="a">Formed by the union of: Tri-county gazette (Jay, Fla.), and: Flomaton journal.</subfield></datafield><datafield ind1=" " ind2=" " tag="588"><subfield code="a">Latest issue consulted: Vol. 22, no. 47 (Sept. 18, 1959).</subfield></datafield><datafield ind1=" " ind2="0" tag="651"><subfield code="a">Jay (Fla.)</subfield><subfield code="v">Newspapers.</subfield></datafield><datafield ind1=" " ind2="0" tag="651"><subfield code="a">Santa Rosa County (Fla.)</subfield><subfield code="v">Newspapers.</subfield></datafield><datafield ind1=" " ind2="7" tag="655"><subfield code="a">Newspapers.</subfield><subfield code="2">fast</subfield><subfield code="0">(OCoLC)fst01423814</subfield></datafield><datafield ind1=" " ind2="7" tag="651"><subfield code="a">Florida</subfield><subfield code="z">Jay.</subfield><subfield code="2">fast</subfield><subfield code="0">(OCoLC)fst01216519</subfield></datafield><datafield ind1=" " ind2="7" tag="651"><subfield code="a">Florida</subfield><subfield code="z">Santa Rosa County.</subfield><subfield code="2">fast</subfield><subfield code="0">(OCoLC)fst01210221</subfield></datafield><datafield ind1="1" ind2=" " tag="700"><subfield code="a">Britt, Earl.</subfield></datafield><datafield ind1=" " ind2=" " tag="752"><subfield code="a">United States</subfield><subfield code="b">Florida</subfield><subfield code="c">Santa Rosa</subfield><subfield code="d">Jay.</subfield></datafield><datafield ind1="1" ind2="4" tag="780"><subfield code="t">Tri-county gazette (Jay, Fla.)</subfield><subfield code="w">(DLC)sn 99027007</subfield><subfield code="w">(OCoLC)43052621</subfield></datafield><datafield ind1="1" ind2="4" tag="780"><subfield code="t">Flomaton journal</subfield><subfield code="w">(DLC)sn 86050201</subfield><subfield code="w">(OCoLC)13592905</subfield></datafield><datafield ind1="0" ind2="0" tag="785"><subfield code="t">Esca-Rosa journal</subfield><subfield code="w">(DLC)sn 99027042</subfield><subfield code="w">(OCoLC)43068892</subfield></datafield></record>